@book{mccullagh2019generalized,
  title={Generalized linear models},
  author={McCullagh, Peter},
  year={2019},
  publisher={Routledge}
}

@article{salvatore2024bayesian,
  title={Bayesian Integration of Probability and Nonprobability Samples for Logistic Regression},
  author={Salvatore, Camilla and Biffignandi, Silvia and Sakshaug, Joseph W and Wi{\'s}niowski, Arkadiusz and Struminskaya, Bella},
  journal={Journal of Survey Statistics and Methodology},
  volume={12},
  number={2},
  pages={458--492},
  year={2024},
  publisher={Oxford University Press}
}

@article{biemer2010total,
  title={Total survey error: Design, implementation, and evaluation},
  author={Biemer, Paul P},
  journal={Public opinion quarterly},
  volume={74},
  number={5},
  pages={817--848},
  year={2010},
  publisher={Oxford University Press}
}

@article{gu2019bain,
  title={Bain: A program for Bayesian testing of order constrained hypotheses in structural equation models},
  author={Gu, Xin and Hoijtink, Herbert and Mulder, Joris and Rosseel, Yves},
  journal={Journal of Statistical Computation and Simulation},
  volume={89},
  number={8},
  pages={1526--1553},
  year={2019},
  publisher={Taylor \& Francis}
}

@book{hoijtink2011informative,
  title={Informative hypotheses: Theory and practice for behavioral and social scientists},
  author={Hoijtink, Herbert},
  year={2011},
  publisher={CRC Press}
}

@article{chib1995understanding,
  title={Understanding the metropolis-hastings algorithm},
  author={Chib, Siddhartha and Greenberg, Edward},
  journal={The american statistician},
  volume={49},
  number={4},
  pages={327--335},
  year={1995},
  publisher={Taylor \& Francis}
}


@article{ibrahim2015power,
  title={The power prior: theory and applications},
  author={Ibrahim, Joseph G and Chen, Ming-Hui and Gwon, Yeongjin and Chen, Fang},
  journal={Statistics in medicine},
  volume={34},
  number={28},
  pages={3724--3749},
  year={2015},
  publisher={Wiley Online Library}
}
 